<?xml version="1.0" encoding="UTF-8"?><collection xmlns="http://www.loc.gov/MARC21/slim"><record><leader>00622nam--2200205-u-4500</leader><controlfield tag="001">000054533</controlfield><controlfield tag="002">20161230</controlfield><controlfield tag="005">20170304150121</controlfield><controlfield tag="008">120119s1000------------r-----000-0-rus-d</controlfield><datafield ind1=" " ind2=" " tag="040"><subfield code="a">IFIN-HH</subfield></datafield><datafield ind1=" " ind2=" " tag="041"><subfield code="a">rus</subfield></datafield><datafield ind1=" " ind2=" " tag="080"><subfield code="a">539.125.5</subfield></datafield><datafield ind1="1" ind2=" " tag="100"><subfield code="a">Marion, Jerry B</subfield></datafield><datafield ind1="1" ind2="0" tag="245"><subfield code="a">Fizika bistrih neitronov</subfield><subfield code="b">Tom 2 eksperimenti i teoria</subfield><subfield code="c">J.B. Marion, J.L. Fowler (eds.)</subfield></datafield><datafield ind1=" " ind2=" " tag="260"><subfield code="a">Moskva</subfield><subfield code="b">Atomizdat</subfield><subfield code="c">1966</subfield></datafield><datafield ind1=" " ind2=" " tag="300"><subfield code="a">779 p</subfield></datafield><datafield ind1=" " ind2=" " tag="500"><subfield code="a">Titlul Original In Limbaa Engleza: Fast Neutron Physics. Part II: Experiments And Theory</subfield></datafield><datafield ind1="1" ind2=" " tag="700"><subfield code="a">Fowler, J. L</subfield><subfield code="e">Ed</subfield></datafield><datafield ind1=" " ind2=" " tag="852"><subfield code="a">76007</subfield><subfield code="c">539.12</subfield></datafield><datafield ind1=" " ind2=" " tag="CAT"><subfield code="a">SYS</subfield><subfield code="c">20170304</subfield><subfield code="h">150121</subfield></datafield></record></collection>